@book{learnopengl,
  author    = {Joey de Vries},
  title     = {LearnOpenGL: Learn Modern OpenGL Graphics Programming},
  year      = {2015},
  url       = {https://learnopengl.com},
}

@misc{vulkan_tutorial,
  author    = {Alexander Overvoorde},
  title     = {Vulkan Tutorial},
  howpublished = {\url{https://vulkan-tutorial.com/}},
  year      = {2016},
}

@misc{vkguide,
  author    = {Brendan Galea},
  title     = {vkguide.dev: Vulkan Guide},
  howpublished = {\url{https://vkguide.dev/}},
  year      = {2022},
}

@techreport{khronos_vulkan_spec,
  author    = {{Khronos Group}},
  title     = {Vulkan 1.4 Specification},
  institution = {Khronos Group},
  year      = {2024},
  url       = {https://registry.khronos.org/vulkan/specs/1.4/html/vkspec.html},
}

@techreport{khronos_opengl_spec,
  author    = {{Khronos Group}},
  title     = {OpenGL 4.6 Core Profile Specification},
  institution = {Khronos Group},
  year      = {2017},
  url       = {https://registry.khronos.org/OpenGL/specs/gl/glspec46.core.pdf},
}

@misc{sponza_scene,
  author    = {Marko Dabrović},
  title     = {Sponza Atrium Scene},
  year      = {2002},
  howpublished = {\url{https://www.crytek.com/cryengine/cryengine3/downloads}},
  note      = {Original scene by Crytek, commonly used in rendering benchmarks.}
}

@article{cook1982reflectance,
  author    = {Robert L. Cook and Kenneth E. Torrance},
  title     = {A Reflectance Model for Computer Graphics},
  journal   = {ACM Transactions on Graphics},
  volume    = {1},
  number    = {1},
  pages     = {7--24},
  year      = {1982},
  doi       = {10.1145/357290.357293}
}

@inproceedings{burley2012pbr,
  author    = {Brent Burley},
  title     = {Physically-Based Shading at Disney},
  booktitle = {SIGGRAPH 2012 Course: Practical Physically Based Shading in Film and Game Production},
  year      = {2012},
  url       = {https://disney-animation.s3.amazonaws.com/library/s2012_pbs_disney_brdf_notes_v2.pdf}
}

@book{pharr2023pbrt,
  author    = {Matt Pharr and Wenzel Jakob and Greg Humphreys},
  title     = {Physically Based Rendering: From Theory to Implementation},
  edition   = {4th},
  year      = {2023},
  publisher = {MIT Press},
  isbn      = {9780262048026}
}

@misc{glfw,
  author    = {Camilla Löwy},
  title     = {GLFW: Multi-platform library for OpenGL, OpenGL ES and Vulkan development},
  howpublished = {\url{https://www.glfw.org/}},
  year      = {2024},
}

@misc{glad,
  author    = {David Herberth},
  title     = {GLAD: Multi-Language GL/GLES/EGL/GLX/WGL Loader-Generator},
  howpublished = {\url{https://glad.dav1d.de/}},
  year      = {2023},
}

@misc{vma,
  author    = {Dmitry Mikulin},
  title     = {Vulkan Memory Allocator},
  howpublished = {\url{https://github.com/GPUOpen-LibrariesAndSDKs/VulkanMemoryAllocator}},
  year      = {2024},
  note      = {Developed by AMD}
}

@misc{vkbootstrap,
  author    = {Charles Giessen},
  title     = {vk-bootstrap: Vulkan Instance and Device Initialization Library},
  howpublished = {\url{https://github.com/charles-lunarg/vk-bootstrap}},
  year      = {2024},
}

@misc{imgui,
  author    = {Omar Cornut},
  title     = {Dear ImGui: Bloat-free Graphical User Interface for C++},
  howpublished = {\url{https://github.com/ocornut/imgui}},
  year      = {2024},
}
